<record><leader>00000cas a2200000 a 4500</leader><controlfield tag="001">13190866</controlfield><controlfield tag="008">860224d19061918iduwr ne      0    0eng c</controlfield><datafield ind1=" " ind2=" " tag="010"><subfield code="a">sn 86091120 </subfield></datafield><datafield ind1=" " ind2=" " tag="040"><subfield code="a">UNP</subfield><subfield code="b">eng</subfield><subfield code="c">UNP</subfield><subfield code="d">NVB</subfield><subfield code="d">OCL</subfield><subfield code="d">OCLCQ</subfield><subfield code="d">CUI</subfield><subfield code="d">OCLCQ</subfield><subfield code="d">OCLCF</subfield></datafield><datafield ind1="1" ind2=" " tag="029"><subfield code="a">AU@</subfield><subfield code="b">000022104992</subfield></datafield><datafield ind1=" " ind2=" " tag="042"><subfield code="a">pcc</subfield></datafield><datafield ind1=" " ind2=" " tag="043"><subfield code="a">n-us-id</subfield></datafield><datafield ind1=" " ind2="4" tag="050"><subfield code="a">AN2.I2</subfield><subfield code="b">S72</subfield></datafield><datafield ind1=" " ind2="4" tag="050"><subfield code="a">AN</subfield></datafield><datafield ind1="0" ind2=" " tag="130"><subfield code="a">Star-mirror (Moscow, Idaho : 1906)</subfield></datafield><datafield ind1="1" ind2="4" tag="245"><subfield code="a">The star-mirror.</subfield></datafield><datafield ind1=" " ind2=" " tag="260"><subfield code="a">Moscow, Idaho :</subfield><subfield code="b">J.F. Yost</subfield></datafield><datafield ind1=" " ind2=" " tag="300"><subfield code="a">v. :</subfield><subfield code="b">ill.</subfield></datafield><datafield ind1=" " ind2=" " tag="310"><subfield code="a">Weekly,</subfield><subfield code="b">Apr. 26, 1917-&lt;Dec. 27, 1917&gt;</subfield></datafield><datafield ind1=" " ind2=" " tag="321"><subfield code="a">Semiweekly,</subfield><subfield code="b">&lt;Mar. 10, 1908&gt;-June 2, 1908</subfield></datafield><datafield ind1=" " ind2=" " tag="321"><subfield code="a">Weekly,</subfield><subfield code="b">June 11, 1908-May 20, 1915</subfield></datafield><datafield ind1=" " ind2=" " tag="321"><subfield code="a">Semiweekly,</subfield><subfield code="b">May 27, 1915-Apr. 19, 1917</subfield></datafield><datafield ind1="1" ind2=" " tag="362"><subfield code="a">Began in Jan. 1906; ceased in 1918.</subfield></datafield><datafield ind1=" " ind2=" " tag="580"><subfield code="a">Daily ed.: Moscow evening journal, 1906-1908, and: Daily star-mirror 1911-1918.</subfield></datafield><datafield ind1=" " ind2=" " tag="588"><subfield code="a">Description based on: Vol. 26, no. 39 (Mar. 10, 1908).</subfield></datafield><datafield ind1=" " ind2="0" tag="651"><subfield code="a">Moscow (Idaho)</subfield><subfield code="v">Newspapers.</subfield></datafield><datafield ind1=" " ind2="0" tag="651"><subfield code="a">Latah County (Idaho)</subfield><subfield code="v">Newspapers.</subfield></datafield><datafield ind1=" " ind2="7" tag="655"><subfield code="a">Newspapers.</subfield><subfield code="2">fast</subfield><subfield code="0">(OCoLC)fst01423814</subfield></datafield><datafield ind1=" " ind2="7" tag="651"><subfield code="a">Idaho</subfield><subfield code="z">Latah County.</subfield><subfield code="2">fast</subfield><subfield code="0">(OCoLC)fst01215798</subfield></datafield><datafield ind1=" " ind2="7" tag="651"><subfield code="a">Idaho</subfield><subfield code="z">Moscow.</subfield><subfield code="2">fast</subfield><subfield code="0">(OCoLC)fst01230146</subfield></datafield><datafield ind1=" " ind2=" " tag="752"><subfield code="a">United States</subfield><subfield code="b">Idaho</subfield><subfield code="c">Latah</subfield><subfield code="d">Moscow.</subfield></datafield><datafield ind1="1" ind2=" " tag="775"><subfield code="t">Moscow evening journal</subfield><subfield code="w">(DLC)sn 89055123</subfield><subfield code="w">(OCoLC)19646224</subfield></datafield><datafield ind1="1" ind2=" " tag="775"><subfield code="t">Daily star-mirror</subfield><subfield code="w">(DLC)sn 89055128</subfield><subfield code="w">(OCoLC)19645725</subfield></datafield><datafield ind1="0" ind2="4" tag="780"><subfield code="t">North Idaho star</subfield><subfield code="w">(DLC)sn 89055121</subfield><subfield code="w">(OCoLC)19645954</subfield></datafield><datafield ind1="0" ind2="4" tag="780"><subfield code="t">Moscow weekly mirror</subfield><subfield code="w">(DLC)sn 89055122</subfield><subfield code="w">(OCoLC)19645987</subfield></datafield></record>